<?xml version="1.0" encoding="UTF-8"?><collection xmlns="http://www.loc.gov/MARC21/slim"><record><leader>00525nam--2200193-u-4500</leader><controlfield tag="001">000054908</controlfield><controlfield tag="002">20161230</controlfield><controlfield tag="005">20161230201051</controlfield><controlfield tag="008">120703s1000------------r-----000-0-rus-d</controlfield><datafield ind1=" " ind2=" " tag="040"><subfield code="a">IFIN-HH</subfield></datafield><datafield ind1=" " ind2=" " tag="041"><subfield code="a">rus</subfield></datafield><datafield ind1=" " ind2=" " tag="080"><subfield code="a">539.17(083):539.186.2(083)</subfield></datafield><datafield ind1="1" ind2=" " tag="100"><subfield code="a">Vainstein, L.A</subfield></datafield><datafield ind1="1" ind2="0" tag="245"><subfield code="a">Secenia vozbujdenia atomov i ionov elektronami</subfield><subfield code="c">L.a. vainstein, i.i. sobelman, e.a. yukov</subfield></datafield><datafield ind1=" " ind2=" " tag="260"><subfield code="a">Moskva</subfield><subfield code="b">Nauka</subfield><subfield code="c">1973</subfield></datafield><datafield ind1=" " ind2=" " tag="300"><subfield code="a">142P</subfield></datafield><datafield ind1="1" ind2=" " tag="700"><subfield code="a">Yukov, E.A</subfield></datafield><datafield ind1=" " ind2=" " tag="852"><subfield code="a">40878</subfield><subfield code="c">539.18</subfield></datafield><datafield ind1=" " ind2=" " tag="CAT"><subfield code="a">Sys</subfield><subfield code="c">20120703</subfield><subfield code="h">123040</subfield></datafield></record></collection>